<record><leader>00000cas a2200000 a 4500</leader><controlfield tag="001">27394156</controlfield><controlfield tag="008">930208d18801927iluwr ne      0   a0eng c</controlfield><datafield ind1=" " ind2=" " tag="010"><subfield code="a">sn 93055489 </subfield></datafield><datafield ind1=" " ind2=" " tag="040"><subfield code="a">NVF</subfield><subfield code="b">eng</subfield><subfield code="c">NVF</subfield><subfield code="d">OCLCQ</subfield><subfield code="d">NVF</subfield><subfield code="d">OCLCQ</subfield><subfield code="d">NVF</subfield><subfield code="d">OCLCO</subfield><subfield code="d">OCLCF</subfield><subfield code="d">NVF</subfield></datafield><datafield ind1=" " ind2=" " tag="042"><subfield code="a">pcc</subfield></datafield><datafield ind1=" " ind2=" " tag="043"><subfield code="a">n-us-il</subfield></datafield><datafield ind1="0" ind2=" " tag="130"><subfield code="a">Aledo Democrat (Aledo, Ill. : Weekly)</subfield></datafield><datafield ind1="1" ind2="4" tag="245"><subfield code="a">The Aledo Democrat.</subfield></datafield><datafield ind1="1" ind2=" " tag="246"><subfield code="i">Published as:</subfield><subfield code="a">Mercer County news and the Aledo Democrat</subfield><subfield code="f">Sept. 14-Oct. 12, 1927</subfield></datafield><datafield ind1="1" ind2=" " tag="246"><subfield code="i">Published as:</subfield><subfield code="a">Mercer County news</subfield><subfield code="f">Oct. 19-Dec. 28, 1927</subfield></datafield><datafield ind1=" " ind2=" " tag="260"><subfield code="a">Aledo, Ill. :</subfield><subfield code="b">John Geiger,</subfield><subfield code="c">1880-1927.</subfield></datafield><datafield ind1=" " ind2=" " tag="300"><subfield code="a">v.</subfield></datafield><datafield ind1=" " ind2=" " tag="310"><subfield code="a">Weekly</subfield></datafield><datafield ind1="0" ind2=" " tag="362"><subfield code="a">Vol. 1, no. 1 (July 16, 1880)-v. 46, no. 46 (Dec. 28, 1927).</subfield></datafield><datafield ind1=" " ind2=" " tag="515"><subfield code="a">Issues for v. 2, no. 1 (July 15, 1881)-v. 23, no. 43 (Jan. 3, 1905) called also whole no. 53-1222.</subfield></datafield><datafield ind1=" " ind2=" " tag="515"><subfield code="a">Frequent irregularities in vol. and issue numbering.</subfield></datafield><datafield ind1=" " ind2=" " tag="580"><subfield code="a">Semiweekly county fair ed.: Aledo Democrat (Aledo, Ill. : County fair ed.), &lt;1921-1922&gt;.</subfield></datafield><datafield ind1=" " ind2="0" tag="651"><subfield code="a">Mercer County (Ill.)</subfield><subfield code="v">Newspapers.</subfield></datafield><datafield ind1=" " ind2="0" tag="651"><subfield code="a">Aledo (Ill.)</subfield><subfield code="v">Newspapers.</subfield></datafield><datafield ind1=" " ind2="7" tag="651"><subfield code="a">Illinois</subfield><subfield code="z">Aledo.</subfield><subfield code="2">fast</subfield><subfield code="0">(OCoLC)fst01883802</subfield></datafield><datafield ind1=" " ind2="7" tag="651"><subfield code="a">Illinois</subfield><subfield code="z">Mercer County.</subfield><subfield code="2">fast</subfield><subfield code="0">(OCoLC)fst01215002</subfield></datafield><datafield ind1=" " ind2="7" tag="655"><subfield code="a">Newspapers.</subfield><subfield code="2">fast</subfield><subfield code="0">(OCoLC)fst01423814</subfield></datafield><datafield ind1=" " ind2=" " tag="752"><subfield code="a">United States</subfield><subfield code="b">Illinois</subfield><subfield code="c">Mercer</subfield><subfield code="d">Aledo.</subfield></datafield><datafield ind1="1" ind2=" " tag="775"><subfield code="t">Aledo Democrat (Aledo, Ill. : County fair ed.)</subfield><subfield code="w">(DLC)sn 93055490</subfield><subfield code="w">(OCoLC)27394063</subfield></datafield><datafield ind1="0" ind2="5" tag="780"><subfield code="t">Aledo banner</subfield><subfield code="w">(DLC)sn 87082195</subfield><subfield code="w">(OCoLC)15194089</subfield></datafield><datafield ind1="0" ind2="4" tag="785"><subfield code="t">Times record (Aledo, Ill.)</subfield><subfield code="w">(DLC)sn 82015559</subfield><subfield code="w">(OCoLC)8821392</subfield></datafield><datafield ind1="1" ind2=" " tag="029"><subfield code="a">AU@</subfield><subfield code="b">000020713763</subfield></datafield></record>